
@article{pane_effectiveness_2014,
	title = {Effectiveness of {Cognitive} {Tutor} {Algebra} {I} at {Scale}},
	volume = {36},
	url = {https://www.jstor.org/stable/43773458},
	number = {2},
	journal = {American Educational Research Association},
	author = {Pane, John and Griffin, Ann and McCaffrey, Daniel and Karam, Rita},
	month = jun,
	year = {2014},
	pages = {19},
}

@misc{irwin_nces_nodate,
	title = {{NCES} {Blog} {\textbar} {Students}’ {Internet} {Access} {Before} and {During} the {Coronavirus} {Pandemic} by {Household} {Socioeconomic} {Status}},
	url = {https://nces.ed.gov/blogs/nces/post/students-internet-access-before-and-during-the-coronavirus-pandemic-by-household-socioeconomic-status},
	urldate = {2022-04-18},
	author = {Irwin, Véronique},
}

@misc{hemphill_nces_nodate,
	title = {{NCES} {Blog} {\textbar} {Students}’ {Access} to the {Internet} and {Digital} {Devices} at {Home}},
	url = {https://nces.ed.gov/blogs/nces/post/students-access-to-the-internet-and-digital-devices-at-home},
	urldate = {2022-04-18},
	author = {Hemphill, Cadelle and Wang, Yan and Scott, Chad and Wilburn, Grady},
}

@misc{scott_ethical_nodate,
	title = {Ethical {Web} {Development}},
	url = {https://www.ethicalweb.org/},
	urldate = {2022-04-18},
	author = {Scott, Adam},
}

@misc{coyle_final_nodate,
	title = {Final {Project}: {Speech} {Recognition}: {Affordances} and {Limitations} with {Accented} {Speech} {\textbar} {CCTP} 711 – {Semiotics} and {Cognitive} {Technology}},
	shorttitle = {Final {Project}},
	url = {https://blogs.commons.georgetown.edu/cctp-711-fall2018/2018/12/11/speech-recognition-affordances-and-limitations-with-accented-speech/},
	language = {en-US},
	urldate = {2022-04-18},
	author = {Coyle, Adrienne},
}

@misc{noauthor_is_nodate,
	title = {Is there such a thing as {Orton}–{Gillingham} for math?},
	url = {https://www.understood.org/articles/en/is-there-such-a-thing-as-orton-gillingham-for-math},
	abstract = {What is Orton–Gillingham for math? Is it a real thing? Learn about multisensory math instruction and how it can help kids who struggle with math.},
	language = {en},
	urldate = {2022-03-05},
}
@misc{ahearn_what_2016,
	title = {What is the {Orton}-{Gillingham} {Approach}? {\textbar} {Academy} of {Orton}-{Gillingham} {Practitioners} and {Educators}},
	shorttitle = {What is the {Orton}-{Gillingham} {Approach}?},
	url = {https://www.ortonacademy.org/resources/what-is-the-orton-gillingham-approach/},
	abstract = {Orton-Gillingham is an instructional approach intended primarily for use with individuals who have difficulty with reading, spelling, and writing of the sort associated with dyslexia.},
	language = {en-US},
	urldate = {2022-03-05},
	author = {Ahearn, Molly},
	month = dec,
	year = {2016}
}